@book{wackerly2014estadistica,
  title={Estadística Matemática con Aplicaciones},
  author={Wackerly, Dennis D. and Mendenhall, William and Scheaffer, Richard L.},
  year={2014},
  publisher={Cengage Learning Editores},
  edition={7th edition},
  address={México},
  isbn={9786075228843},
}
@book{walpole2012probabilidad,
  title={Probabilidad y estadística para ingeniería y ciencias},
  author={Walpole, Ronald E. and Myers, Raymond H. and Myers, Sharon L. and Ye, Keying},
  year={2012},
  publisher={Pearson Educación},
  edition={9th edition},
  address={México},
  isbn={9786073223405},
  translator={Pineda Ayala, Leticia Esther},
  note={Traducción al español}
}
